@article{OFlaherty2018,
  title={The Impact of Development Education and Education for Sustainable Development Interventions: A Synthesis of the Research},
  author={J. O’Flaherty and M. Liddy},
  journal={Environmental Education Research},
  volume={24},
  number={7},
  pages={1031--1049},
  year={2018},
  publisher={Taylor \& Francis},
  doi={10.1080/13504622.2017.1392484}
}

@article{abulibdeh2024navigating,
  title={Navigating the confluence of artificial intelligence and education for sustainable development in the era of industry 4.0: Challenges, opportunities, and ethical dimensions},
  author={A. Abulibdeh, E. Zaidan, and R. Abulibdeh},
  journal={Journal of Cleaner Production},
  pages={140527},
  year={2024},
  publisher={Elsevier}
}

@article{hara2024roles,
  title={Roles of Artificial Intelligence in Education for Sustainable Development in Asia-Pacific Contexts},
  author={M. Hara},
  journal={Global Journal of Business and Integral Security},
  volume={1},
  number={2},
  year={2024}
}

@article{goralski2020artificial,
  title={Artificial intelligence and sustainable development},
  author={M. A. Goralski and T. K. Tan},
  journal={The International Journal of Management Education},
  volume={18},
  number={1},
  pages={100330},
  year={2020},
  publisher={Elsevier}
}

@inbook{Dandachi2023,
  author={I. E. Dandachi},
  editor={H. El-Chaarani, I. El Dandachi, S. El Nemar, and Z. El Abiad},
  title={AI-Powered Personalized Learning: Toward Sustainable Education},
  bookTitle={Navigating the Intersection of Business, Sustainability and Technology},
  year={2023},
  publisher={Springer Nature Singapore},
  address={Singapore},
  pages={109--118},
  doi={10.1007/978-981-99-8572-2_5}
}

@article{Apoki2022,
  author={U. C. Apoki, A. M. A. Hussein, H. K. M. Al-Chalabi, C. Badica, and M. L. Mocanu},
  title={The Role of Pedagogical Agents in Personalised Adaptive Learning: A Review},
  journal={Sustainability},
  volume={14},
  number={11},
  pages={6442},
  year={2022},
  doi={10.3390/su14116442}
}

@article{Lin2023,
  title={Artificial intelligence in intelligent tutoring systems toward sustainable education: a systematic review},
  author={C. C. Lin, A. Y. Q. Huang, and O. H. T. Lu},
  journal={Smart Learning Environments},
  volume={10},
  number={41},
  year={2023},
  doi={10.1186/s40561-023-00260-y}
}

@inproceedings{9457948,
  author={O. Ogunkunle and Y. Qu},
  booktitle={2020 International Conference on Computational Science and Computational Intelligence (CSCI)},
  title={A Data Mining Based Optimization of Selecting Learning Material in an Intelligent Tutoring System for Advancing STEM Education},
  year={2020},
  pages={904--909},
  doi={10.1109/CSCI51800.2020.00169}
}

@article{GHANI2019417,
  title={Social media big data analytics: A survey},
  author={N. A. Ghani, S. Hamid, I. A. T. Hashem, and E. Ahmed},
  journal={Computers in Human Behavior},
  volume={101},
  pages={417--428},
  year={2019},
  doi={10.1016/j.chb.2018.08.039}
}

@article{KAR2022134120,
  title={How can artificial intelligence impact sustainability: A systematic literature review},
  author={A. K. Kar, S. K. Choudhary, and V. K. Singh},
  journal={Journal of Cleaner Production},
  volume={376},
  pages={134120},
  year={2022},
  doi={10.1016/j.jclepro.2022.134120}
}

@misc{un_sdg4,
  author={{United Nations}},
  title={Goal 4: Ensure inclusive and equitable quality education and promote lifelong learning opportunities for all},
  year={2023},
  note={Accessed: 2024-05-25},
  url={https://sdgs.un.org/goals/goal4}
}

@article{Judijanto2022,
  title={Educational Revolution through Studying the Potential of Artificial Intelligence in Sustainable Development},
  author={L. Judijanto et al.},
  journal={Journal of Artificial Intelligence and Development},
  volume={1},
  number={1},
  pages={1--9},
  year={2022},
  doi={10.5281/jaid.v1i1.298}
}

@article{cai2021review,
  title={A Review of Artificial Intelligence (AI) in Education from 2010 to 2020},
  author={N. Cai et al.},
  journal={Complexity},
  volume={2021},
  pages={8812542},
  year={2021},
  doi={10.1155/2021/8812542}
}

@article{KAMYAB2023101566,
  title={The latest innovative avenues for the utilization of artificial Intelligence and big data analytics in water resource management},
  author={H. Kamyab et al.},
  journal={Results in Engineering},
  volume={20},
  pages={101566},
  year={2023},
  doi={10.1016/j.rineng.2023.101566}
}

@article{7742268,
  author={B. du Boulay},
  journal={IEEE Intelligent Systems}, 
  title={Artificial Intelligence as an Effective Classroom Assistant}, 
  year={2016},
  volume={31},
  number={6},
  pages={76--81},
  doi={10.1109/MIS.2016.93}
}

@inproceedings{10409934,
  author={M. Tahiri, B. A. Ismaîli, and S. Bakkali},
  booktitle={2023 7th IEEE Congress on Information Science and Technology (CiSt)}, 
  title={Applications of AI in higher education: a review of the literature engineering education from developing countries}, 
  year={2023},
  pages={456--461},
  doi={10.1109/CiSt56084.2023.10409934}
}

@article{Blanchard2015,
  title={Socio-Cultural Imbalances in AIED Research: Investigations, Implications and Opportunities},
  author={E. G. Blanchard},
  journal={International Journal of Artificial Intelligence in Education},
  volume={25},
  number={2},
  pages={204--228},
  year={2015},
  doi={10.1007/s40593-014-0027-7}
}

@article{Chin2010,
  title={Preparing students for future learning with Teachable Agents},
  author={D. B. Chin et al.},
  journal={Educational Technology Research and Development},
  volume={58},
  number={6},
  pages={649--669},
  year={2010},
  doi={10.1007/s11423-010-9154-5}
}

@article{Tanveer2020,
  title={Academic Policy Regarding Sustainability and Artificial Intelligence (AI)},
  author={M. Tanveer, S. Hassan, and A. Bhaumik},
  journal={Sustainability},
  volume={12},
  number={22},
  pages={9435},
  year={2020},
  doi={10.3390/su12229435}
}

@incollection{angwin2022machine,
  title={Machine bias},
  author={J. Angwin et al.},
  booktitle={Ethics of Data and Analytics},
  pages={254--264},
  year={2022},
  publisher={Auerbach Publications}
}

@misc{kitchenham2007guidelines,
  title={Guidelines for performing systematic literature reviews in software engineering},
  author={B. Kitchenham and S. Charters},
  year={2007},
  publisher={UK}
}

@inproceedings{9670009,
  author={M. Yousuf and A. Wahid},
  booktitle={2021 International Conference on Information Science and Communications Technologies (ICISCT)}, 
  title={The Role of Artificial Intelligence in Education: Current Trends and Future Prospects}, 
  year={2021},
  pages={1--7},
  doi={10.1109/ICISCT52966.2021.9670009}
}

@article{shemshack2020systematic,
  title={A systematic literature review of personalized learning terms},
  author={A. Shemshack and J. M. Spector},
  journal={Smart Learning Environments},
  volume={7},
  number={1},
  pages={33},
  year={2020}
}

@inproceedings{9368432,
  author={J.-X. Weng et al.},
  booktitle={2020 IEEE International Conference on Teaching, Assessment, and Learning for Engineering (TALE)}, 
  title={The Implementation of Precision Education for Learning Analytics}, 
  year={2020},
  pages={327--332},
  doi={10.1109/TALE48869.2020.9368432}
}

@inproceedings{mayfield-etal-2019-equity,
  title={Equity Beyond Bias in Language Technologies for Education},
  author={E. Mayfield et al.},
  booktitle={Proceedings of the Fourteenth Workshop on Innovative Use of NLP for Building Educational Applications},
  year={2019},
  pages={444--460},
  doi={10.18653/v1/W19-4446},
  publisher={Association for Computational Linguistics}
}

@incollection{porsch2023teacher,
  title={Teacher Shortages in Germany: Alternative Routes into the Teaching Profession as a Challenge for Schools and Teacher Education},
  author={R. Porsch and C. Reintjes},
  booktitle={The Future of Teacher Education},
  pages={339--363},
  year={2023},
  publisher={Brill}
}

@article{pholphirul2023teacher,
  title={Teacher shortages and educational outcomes in developing countries: Empirical evidence from PISA-Thailand},
  author={P. Pholphirul, P. Rukumnuaykit, and S. Teimtad},
  journal={Cogent Education},
  volume={10},
  number={2},
  pages={2243126},
  year={2023},
  publisher={Taylor \& Francis}
}

@book{Global2021,
  author={{Global Education Monitoring Report Team}},
  title={Global Education Monitoring Report, 2021/2: Non-State Actors in Education: Who Chooses? Who Loses?},
  year={2021},
  publisher={UNESCO},
  address={Paris},
  pages={573},
  doi={10.54676/XJFS2343},
  isbn={978-92-3-100506-0},
  note={CC BY-SA 3.0 IGO}
}

@inproceedings{9582029,
  author={F. AlShaikh and N. Hewahi},
  booktitle={2021 International Conference on Innovation and Intelligence for Informatics, Computing, and Technologies (3ICT)}, 
  title={AI and Machine Learning Techniques in the Development of Intelligent Tutoring System: A Review}, 
  year={2021},
  pages={403--410},
  doi={10.1109/3ICT53449.2021.9582029}
}
